%%%%%%%%%%%%%%%%%%%%%%%%%%%%%%%%%%VARIABLES%%%%%%%%%%%%%%%%%%%%%%%%%%%%%
%
%
%%%%%%%%%%%%%%%%%%%%%%%%%%%%%%%%%%BIBLIOGRAPHY%%%%%%%%%%%%%%%%%%%%%%%%%%


@BOOK{Pressman93,
  AUTHOR =       "Roger S. Pressman",
  TITLE =        "Ingeniería del Software: Un enfoque práctico, Editorial: McGraw Hill España",
  PUBLISHER =    "McGraw Hill España",
  YEAR =         "1993"
}

@BOOK{fowler99,
  AUTHOR =       "Martin Fowler",
  TITLE =        "UML gota a gota",
  PUBLISHER =    "Pearson Educación",
  YEAR =         "1999"
}

@BOOK{Schmuller00,
  AUTHOR =       "Joseph Schmuller",
  TITLE =        "Aprendiendo UML en 24 horas",
  PUBLISHER =    "Prentice Hall",
  YEAR =         "2000"
}

@BOOK{Gamma03,
  AUTHOR =       "Erich Gamma, Richard Helm Ralph Johnson, John Vlissides",
  TITLE =        "Patrones de Diseño",
  PUBLISHER =    "Addinson wesley",
  YEAR =         "2003"
}

@article{Terry90,
 author = {Terry, B. and Logee, D.},
 title = {Terminology for Software Engineering Environment (SEE) and Computer-Aided Software Engineering (CASE)},
 journal = {SIGSOFT Softw. Eng. Notes},
 issue_date = {April 1990},
 volume = {15},
 number = {2},
 month = apr,
 year = {1990},
 issn = {0163-5948},
 pages = {83--94},
 url = {http://doi.acm.org/10.1145/382296.382706},
 doi = {10.1145/382296.382706},
 publisher = {ACM},
 address = {New York, NY, USA}
}

@article{ONGEI,
author ={ONGEI},
title = {Herramientas CASE},
url = {http://www.ongei.gob.pe/publica/metodologias/Lib5083/cap2011.HTM},
year = 2011
}

@article{McClure89,
 author = {McClure, Carma},
 title = {The CASE Experience},
 journal = {BYTE},
 issue_date = {April 1989},
 volume = {14},
 number = {4},
 month = apr,
 year = {1989},
 issn = {0360-5280},
 pages = {235--244},
 url = {http://dl.acm.org/citation.cfm?id=77201.77216},
 publisher = {McGraw-Hill, Inc.},
 address = {Hightstown, NJ, USA}
}

@article{Stobart96,
 author = {Simon Stobart},
 title = {The CASE tool Home},
 year = {1996},
 month = march
}

@article{Booch99,
 author = {Booch, Grady},
 title = {UML in Action},
 journal = {Commun. ACM},
 issue_date = {Oct. 1999},
 volume = {42},
 number = {10},
 month = oct,
 year = {1999},
 issn = {0001-0782},
 pages = {26--28},
 url = {http://doi.acm.org/10.1145/317665.317672},
 doi = {10.1145/317665.317672},
 publisher = {ACM},
 address = {New York, NY, USA}
}

@manual{Rumbaugh00,
  title        = {The title of the work},
  author       = {J. Rumbaugh, I. Jacobson and G. Booch},
  organization = {El Lenguaje Unificado de Modelado – Manual de Referencia},
  PUBLISHER =    {"Pearson Educación"},
  address      = {S.A. Madrid},
  year         = 2000
}

@article{Wayne,
author = {Wayne, K},
file = {:C$\backslash$:/Users/GMC/Desktop/computeraidedsof00frey.pdf:pdf},
keywords = {CASE Tool Computer Aided SE Software Engineering},
title = {{Computer Aided Software Engineering (CASE)}},
url = {http://blog.salamtura.com/post/computer-aided-software-engineering/},
year = {1987}
}

@article{Coleman97,
 author = {Coleman, Derek and Ohnjec, Viktor and Artim, John and Rivas, Erick and Rumbaugh, Jim and Wirfs-Bracle, Rebecca},
 title = {UML (Panel): The Language of Blueprints for Software?},
 journal = {SIGPLAN Not.},
 issue_date = {Oct. 1997},
 volume = {32},
 number = {10},
 month = oct,
 year = {1997},
 issn = {0362-1340},
 pages = {201--205},
 url = {http://doi.acm.org/10.1145/263700.263736},
 doi = {10.1145/263700.263736},
 publisher = {ACM},
 address = {New York, NY, USA}
}

@misc{Jacobson2000,
author = {Jacobson, Ivar and Booch, Grady and Rumbaugh, James},
file = {:C$\backslash$:/Users/GMC/Desktop/El-Proceso-Unificado-de-Desarrollo-de-Software-Jacobson-Booch-Rumbaugh.pdf:pdf},
isbn = {84-7829-036-2},
title = {{El proceso Unificado de Software}},
year = {2000}
}

@article{Rational04,
abstract = {This paper presents an overview of the Rational Unified Process the Rational Unified Process is a software engineering process, delivered through a web-enabled, searchable knowledge base. The process enhances team productivity and delivers software best practices via guidelines, templates and tool mentors for all critical software lifecycle activities. The knowledge base allows development teams to gain the full benefits of the industry-standard Unified Modeling Language (UML).},
author = {{Paper Rational Software White}},
doi = {10.1.1.27.4399},
file = {:C$\backslash$:/Users/GMC/Desktop/1251{\_}bestpractices{\_}TP026B.pdf:pdf},
isbn = {3827418364},
issn = {07407459},
journal = {Development},
pages = {1--21},
title = {{Rational Unified Process Best Practices for Software}},
url = {http://scholar.google.com/scholar?hl=en{\&}btnG=Search{\&}q=intitle:Rational+Unified+Process+Best+Practices+for+Software{\#}4},
year = {2004}
}



@techreport{IEEE93,
  author       = {IEEE},
  title        = {IEEE Standard 610.12-1990},
  institution  = {The institution that published},
  year         = 1990,
}



% ---------------------------------------------------------------------
